{"stream":"btcusdt@depth20","data":{"e":"depthUpdate","E":1636696233681,"T":1636696233652,"s":"BTCUSDT","U":927969430007,"u":927969435229,"pu":927969429732,"b":[["64768.70","0.134"],["64766.20","0.001"],["64765.87","0.001"],["64765.86","0.076"],["64765.81","0.500"],["64765.80","0.435"],["64765.79","0.387"],["64765.60","0.118"],["64765.57","0.534"],["64765.00","0.001"],["64764.40","0.169"],["64763.97","0.187"],["64763.69","0.001"],["64763.61","0.059"],["64763.60","0.170"],["64763.59","0.338"],["64763.01","0.132"],["64763.00","0.236"],["64762.48","0.266"],["64762.29","0.234"]],"a":[["64768.71","0.724"],["64770.18","0.334"],["64770.20","0.030"],["64771.45","0.004"],["64771.48","0.026"],["64771.49","2.000"],["64771.52","0.004"],["64771.65","0.031"],["64772.41","0.002"],["64772.42","1.110"],["64772.43","0.111"],["64773.08","0.874"],["64773.18","0.007"],["64773.91","0.001"],["64774.88","2.000"],["64775.01","0.444"],["64775.24","2.935"],["64775.62","0.232"],["64775.94","0.131"],["64775.95","0.232"]]}}{"stream":"btcusdt@depth20","data":{"e":"depthUpdate","E":1636696233937,"T":1636696233929,"s":"BTCUSDT","U":927969435692,"u":927969441500,"pu":927969435229,"b":[["64768.70","0.124"],["64766.20","0.001"],["64765.87","0.001"],["64765.82","0.042"],["64765.80","0.435"],["64765.79","0.387"],["64765.60","0.118"],["64765.57","0.534"],["64765.00","0.001"],["64764.40","0.169"],["64763.97","0.187"],["64763.69","0.001"],["64763.61","0.059"],["64763.60","0.170"],["64763.59","0.338"],["64763.01","0.132"],["64763.00","0.236"],["64762.48","0.266"],["64762.29","0.234"],["64761.77","0.628"]],"a":[["64768.71","2.103"],["64770.18","0.335"],["64770.20","0.029"],["64771.45","0.030"],["64771.46","0.026"],["64771.47","1.125"],["64771.49","2.000"],["64771.52","0.004"],["64771.65","0.031"],["64772.39","0.002"],["64772.42","1.110"],["64773.08","0.874"],["64773.18","0.007"],["64773.90","0.054"],["64773.91","0.001"],["64774.86","2.255"],["64774.87","0.240"],["64774.88","2.000"],["64775.01","0.444"],["64775.24","2.935"]]}}{"stream":"btcusdt@depth20","data":{"e":"depthUpdate","E":1636696234190,"T":1636696234183,"s":"BTCUSDT","U":927969441648,"u":927969449066,"pu":927969441500,"b":[["64771.63","0.130"],["64771.51","0.001"],["64770.60","0.010"],["64770.40","0.195"],["64768.77","0.065"],["64768.70","0.055"],["64766.31","0.004"],["64766.25","0.200"],["64766.24","0.700"],["64766.22","0.500"],["64766.21","0.199"],["64766.20","0.001"],["64766.14","0.004"],["64765.87","0.001"],["64765.68","0.200"],["64765.60","0.118"],["64765.57","0.534"],["64765.00","0.133"],["64764.40","0.169"],["64763.97","0.187"]],"a":[["64771.64","0.002"],["64771.65","0.032"],["64772.42","1.110"],["64773.00","0.711"],["64773.01","2.000"],["64773.18","0.239"],["64773.91","0.001"],["64774.25","0.002"],["64775.01","0.349"],["64776.37","0.060"],["64776.46","0.169"],["64778.00","0.025"],["64778.86","0.059"],["64778.88","1.034"],["64778.89","0.463"],["64778.91","0.153"],["64778.94","0.103"],["64778.99","0.102"],["64779.00","0.153"],["64779.32","0.107"]]}}{"stream":"btcusdt@depth20","data":{"e":"depthUpdate","E":1636696234440,"T":1636696234432,"s":"BTCUSDT","U":927969449097,"u":927969457584,"pu":927969449066,"b":[["64771.64","0.254"],["64771.51","0.001"],["64768.70","0.002"],["64767.83","0.042"],["64767.82","0.500"],["64767.81","0.189"],["64767.80","0.500"],["64766.21","0.199"],["64766.20","0.001"],["64765.88","0.406"],["64765.87","0.001"],["64765.60","0.118"],["64765.57","0.534"],["64765.00","0.133"],["64764.54","0.004"],["64764.40","0.169"],["64763.98","0.919"],["64763.97","0.187"],["64763.96","0.235"],["64763.69","0.235"]],"a":[["64771.65","0.029"],["64771.69","0.409"],["64771.70","0.095"],["64772.42","1.110"],["64773.00","0.789"],["64773.01","2.000"],["64773.18","0.239"],["64773.91","0.001"],["64774.25","0.002"],["64775.01","0.349"],["64776.37","0.060"],["64776.46","0.169"],["64778.00","0.025"],["64778.86","0.059"],["64778.87","0.060"],["64778.88","1.034"],["64778.89","0.463"],["64778.91","0.153"],["64778.94","0.133"],["64778.98","0.234"]]}}{"stream":"btcusdt@depth20","data":{"e":"depthUpdate","E":1636696234693,"T":1636696234681,"s":"BTCUSDT","U":927969457590,"u":927969464229,"pu":927969457584,"b":[["64771.64","0.106"],["64770.11","0.003"],["64768.70","0.002"],["64768.66","0.060"],["64768.65","0.074"],["64768.64","0.015"],["64767.97","0.004"],["64767.89","0.101"],["64767.88","0.005"],["64767.84","0.500"],["64767.83","0.184"],["64767.82","0.500"],["64766.21","0.199"],["64766.20","0.001"],["64765.88","0.406"],["64765.87","0.001"],["64765.60","0.118"],["64765.57","0.534"],["64765.00","0.133"],["64764.54","0.136"]],"a":[["64771.65","0.038"],["64771.69","0.001"],["64771.70","0.136"],["64772.41","0.479"],["64772.42","1.110"],["64773.18","0.239"],["64773.91","0.001"],["64774.25","0.002"],["64775.01","0.349"],["64776.37","0.060"],["64776.46","0.169"],["64778.00","0.025"],["64778.88","1.034"],["64778.89","0.463"],["64778.90","0.132"],["64778.91","0.153"],["64778.94","0.133"],["64778.98","0.234"],["64778.99","0.234"],["64779.00","0.153"]]}}{"stream":"btcusdt@depth20","data":{"e":"depthUpdate","E":1636696234944,"T":1636696234923,"s":"BTCUSDT","U":927969464388,"u":927969470706,"pu":927969464229,"b":[["64771.61","0.050"],["64770.17","0.655"],["64769.33","0.052"],["64767.91","0.190"],["64767.90","0.557"],["64767.89","0.465"],["64766.21","0.199"],["64766.20","0.001"],["64765.89","0.031"],["64765.88","0.406"],["64765.87","0.001"],["64765.60","0.118"],["64765.57","0.534"],["64765.00","0.001"],["64764.22","0.004"],["64764.11","0.001"],["64763.98","0.919"],["64763.97","0.187"],["64763.69","0.235"],["64763.62","0.238"]],"a":[["64771.62","0.030"],["64771.64","0.001"],["64771.65","0.004"],["64771.69","0.707"],["64771.70","0.138"],["64772.01","0.155"],["64772.40","0.500"],["64772.42","1.110"],["64773.18","0.239"],["64773.91","0.001"],["64774.15","0.002"],["64775.01","0.180"],["64776.37","0.060"],["64777.99","0.169"],["64778.00","0.157"],["64778.86","0.042"],["64778.87","0.132"],["64778.88","1.034"],["64778.89","0.463"],["64778.91","0.153"]]}}{"stream":"btcusdt@depth20","data":{"e":"depthUpdate","E":1636696235203,"T":1636696235184,"s":"BTCUSDT","U":927969471134,"u":927969478000,"pu":927969470706,"b":[["64769.33","0.051"],["64767.91","0.014"],["64767.90","0.566"],["64767.89","0.465"],["64766.21","0.199"],["64766.20","0.001"],["64765.88","0.406"],["64765.87","0.001"],["64765.60","0.118"],["64765.57","0.534"],["64765.12","0.460"],["64765.00","0.001"],["64764.51","0.102"],["64764.11","0.102"],["64763.98","0.919"],["64763.97","0.187"],["64763.69","0.235"],["64763.62","0.234"],["64763.59","0.338"],["64763.52","0.196"]],"a":[["64770.18","0.102"],["64771.61","0.015"],["64771.62","0.030"],["64771.64","0.001"],["64771.65","0.004"],["64771.69","0.707"],["64771.70","0.138"],["64772.01","0.155"],["64772.41","0.031"],["64772.42","1.110"],["64773.18","0.239"],["64773.91","0.001"],["64774.15","0.002"],["64775.01","0.180"],["64776.37","0.060"],["64777.69","0.016"],["64777.98","0.108"],["64777.99","0.169"],["64778.00","0.157"],["64778.85","0.060"]]}}{"stream":"btcusdt@depth20","data":{"e":"depthUpdate","E":1636696235453,"T":1636696235435,"s":"BTCUSDT","U":927969478264,"u":927969486398,"pu":927969478000,"b":[["64770.17","0.446"],["64769.33","0.051"],["64767.92","0.500"],["64767.90","0.500"],["64767.89","0.126"],["64766.26","0.004"],["64766.21","0.199"],["64766.20","0.001"],["64765.92","0.200"],["64765.90","0.042"],["64765.88","0.406"],["64765.87","0.001"],["64765.60","0.118"],["64765.57","0.534"],["64765.12","0.460"],["64765.00","0.001"],["64764.11","0.132"],["64763.98","0.919"],["64763.97","0.187"],["64763.69","0.235"]],"a":[["64770.18","0.447"],["64771.64","0.001"],["64771.65","0.004"],["64771.69","0.707"],["64771.70","0.138"],["64772.01","0.155"],["64772.42","1.110"],["64773.18","0.239"],["64773.91","0.001"],["64774.15","0.002"],["64775.01","0.180"],["64776.25","0.016"],["64776.36","0.730"],["64776.37","0.192"],["64776.55","0.234"],["64776.56","2.000"],["64777.67","0.235"],["64777.69","0.132"],["64777.98","0.132"],["64777.99","0.169"]]}}{"stream":"btcusdt@depth20","data":{"e":"depthUpdate","E":1636696235719,"T":1636696235709,"s":"BTCUSDT","U":927969487171,"u":927969493917,"pu":927969486398,"b":[["64770.17","0.998"],["64769.50","0.005"],["64769.33","0.051"],["64769.26","0.024"],["64767.92","0.500"],["64767.89","0.126"],["64766.26","0.004"],["64766.21","0.199"],["64766.20","0.001"],["64766.00","0.197"],["64765.90","0.042"],["64765.88","0.406"],["64765.87","0.001"],["64765.60","0.118"],["64765.57","0.534"],["64765.12","0.460"],["64765.00","0.133"],["64764.11","0.132"],["64763.98","0.919"],["64763.97","0.187"]],"a":[["64770.18","0.181"],["64771.64","0.001"],["64771.65","0.004"],["64771.69","0.707"],["64771.70","0.138"],["64772.01","0.155"],["64772.42","1.110"],["64773.18","0.239"],["64773.91","0.001"],["64774.15","0.002"],["64775.01","0.180"],["64776.35","0.031"],["64776.36","0.730"],["64776.37","0.060"],["64776.56","2.000"],["64777.67","0.235"],["64777.69","0.132"],["64777.98","0.132"],["64777.99","0.169"],["64778.00","0.025"]]}}{"stream":"btcusdt@depth20","data":{"e":"depthUpdate","E":1636696235978,"T":1636696235965,"s":"BTCUSDT","U":927969494482,"u":927969509082,"pu":927969493917,"b":[["64771.69","1.801"],["64771.68","0.299"],["64770.46","0.172"],["64770.18","2.758"],["64770.17","0.450"],["64768.36","0.225"],["64768.02","0.004"],["64767.93","0.108"],["64767.92","0.500"],["64767.89","0.126"],["64767.52","0.004"],["64766.33","0.538"],["64766.27","0.150"],["64766.25","1.000"],["64766.21","0.199"],["64766.20","0.001"],["64766.15","0.158"],["64766.00","0.197"],["64765.89","0.234"],["64765.87","0.235"]],"a":[["64771.70","0.139"],["64772.00","0.526"],["64772.42","1.110"],["64773.18","0.007"],["64773.91","0.001"],["64775.29","0.155"],["64776.36","0.730"],["64776.37","0.060"],["64776.48","0.002"],["64776.55","0.184"],["64776.56","2.000"],["64778.00","0.025"],["64778.86","0.132"],["64778.87","0.132"],["64778.88","1.034"],["64778.89","0.463"],["64778.91","0.153"],["64778.94","0.132"],["64778.98","0.234"],["64778.99","0.234"]]}}{"stream":"btcusdt@depth20","data":{"e":"depthUpdate","E":1636696236230,"T":1636696236221,"s":"BTCUSDT","U":927969509352,"u":927969520758,"pu":927969509082,"b":[["64772.41","3.052"],["64772.40","0.112"],["64771.99","0.421"],["64771.70","0.400"],["64771.69","0.109"],["64770.18","0.308"],["64770.17","0.049"],["64768.74","0.004"],["64768.37","0.010"],["64768.36","0.225"],["64767.92","0.500"],["64767.89","0.001"],["64766.49","0.004"],["64766.35","1.612"],["64766.34","0.042"],["64766.33","0.538"],["64766.26","0.031"],["64766.25","1.000"],["64766.21","0.199"],["64766.20","0.133"]],"a":[["64772.42","1.110"],["64773.18","0.007"],["64773.91","0.001"],["64775.29","0.155"],["64776.48","0.002"],["64778.00","0.025"],["64778.87","0.200"],["64778.88","1.034"],["64778.91","0.153"],["64778.98","0.102"],["64778.99","0.234"],["64779.00","0.153"],["64779.32","0.234"],["64779.46","0.001"],["64779.48","0.019"],["64779.81","2.000"],["64779.91","0.001"],["64780.31","2.532"],["64780.60","0.077"],["64780.75","0.003"]]}}{"stream":"btcusdt@depth20","data":{"e":"depthUpdate","E":1636696236486,"T":1636696236475,"s":"BTCUSDT","U":927969520987,"u":927969529673,"pu":927969520758,"b":[["64772.41","2.854"],["64772.40","0.112"],["64771.99","0.421"],["64771.69","0.109"],["64770.18","0.308"],["64770.17","0.049"],["64768.74","0.004"],["64768.37","0.010"],["64768.36","0.225"],["64767.92","0.500"],["64767.89","0.001"],["64766.51","0.004"],["64766.35","1.612"],["64766.33","0.538"],["64766.26","0.132"],["64766.25","1.000"],["64766.21","0.199"],["64766.20","0.235"],["64766.15","0.158"],["64766.01","0.100"]],"a":[["64772.42","1.103"],["64773.18","0.007"],["64773.91","0.001"],["64776.48","0.002"],["64778.00","0.025"],["64778.85","0.059"],["64778.86","0.102"],["64778.87","0.200"],["64778.88","1.034"],["64778.91","0.153"],["64779.00","0.153"],["64779.46","0.001"],["64779.48","0.019"],["64779.81","2.000"],["64779.91","0.001"],["64780.02","0.155"],["64780.31","2.532"],["64780.60","0.209"],["64780.75","0.135"],["64780.91","0.235"]]}}{"stream":"btcusdt@depth20","data":{"e":"depthUpdate","E":1636696236737,"T":1636696236726,"s":"BTCUSDT","U":927969529774,"u":927969537256,"pu":927969529673,"b":[["64772.41","3.349"],["64772.40","0.112"],["64771.99","0.421"],["64771.69","0.108"],["64770.18","0.308"],["64770.17","0.049"],["64768.37","0.010"],["64768.36","0.225"],["64767.92","0.500"],["64767.89","0.001"],["64766.51","0.008"],["64766.35","1.612"],["64766.33","0.538"],["64766.25","1.000"],["64766.21","0.199"],["64766.20","0.235"],["64766.15","0.158"],["64766.01","0.232"],["64766.00","0.197"],["64765.89","0.234"]],"a":[["64772.42","1.140"],["64773.18","0.007"],["64773.91","0.001"],["64776.48","0.002"],["64778.00","0.025"],["64778.86","0.102"],["64778.88","1.034"],["64778.91","0.153"],["64779.00","0.153"],["64779.46","0.001"],["64779.48","0.019"],["64779.81","2.000"],["64779.91","0.001"],["64780.02","0.155"],["64780.31","2.532"],["64780.60","0.209"],["64780.75","0.135"],["64780.91","0.235"],["64781.01","1.080"],["64781.02","0.174"]]}}{"stream":"btcusdt@depth20","data":{"e":"depthUpdate","E":1636696237004,"T":1636696236987,"s":"BTCUSDT","U":927969537821,"u":927969545397,"pu":927969537256,"b":[["64772.41","1.254"],["64772.40","0.112"],["64771.99","0.421"],["64771.69","0.108"],["64770.18","0.308"],["64770.17","0.049"],["64768.37","0.010"],["64768.36","0.225"],["64767.97","0.004"],["64767.92","0.500"],["64767.89","0.001"],["64766.35","1.612"],["64766.33","0.538"],["64766.25","1.000"],["64766.21","0.199"],["64766.20","0.235"],["64766.15","0.132"],["64766.01","0.132"],["64766.00","0.197"],["64765.89","0.234"]],"a":[["64772.42","1.141"],["64773.18","0.008"],["64773.91","0.001"],["64775.74","0.016"],["64775.82","0.102"],["64775.83","0.031"],["64775.84","3.023"],["64776.07","0.155"],["64776.48","0.002"],["64778.00","0.025"],["64778.68","0.155"],["64778.88","1.034"],["64778.91","0.153"],["64778.99","0.059"],["64779.00","0.153"],["64779.46","0.001"],["64779.81","2.000"],["64779.91","0.001"],["64780.31","2.532"],["64780.60","0.209"]]}}{"stream":"btcusdt@depth20","data":{"e":"depthUpdate","E":1636696237254,"T":1636696237247,"s":"BTCUSDT","U":927969545675,"u":927969553570,"pu":927969545397,"b":[["64772.41","1.444"],["64772.40","0.112"],["64771.99","0.421"],["64771.69","0.108"],["64770.18","0.308"],["64770.17","0.049"],["64769.03","0.172"],["64768.37","0.010"],["64768.36","0.225"],["64768.11","0.004"],["64767.92","0.500"],["64767.89","0.001"],["64766.51","0.004"],["64766.35","1.612"],["64766.25","1.000"],["64766.21","0.199"],["64766.20","0.235"],["64766.15","0.132"],["64766.01","0.132"],["64766.00","0.197"]],"a":[["64772.42","1.310"],["64773.18","0.008"],["64774.09","0.022"],["64775.36","0.089"],["64775.82","0.102"],["64775.83","0.031"],["64775.84","3.023"],["64776.07","0.155"],["64776.48","0.002"],["64776.59","0.414"],["64778.00","0.025"],["64778.68","0.155"],["64778.87","0.059"],["64778.88","1.034"],["64778.91","0.153"],["64779.00","0.153"],["64779.46","0.001"],["64779.56","0.001"],["64779.81","2.000"],["64779.91","0.001"]]}}{"stream":"btcusdt@depth20","data":{"e":"depthUpdate","E":1636696237510,"T":1636696237499,"s":"BTCUSDT","U":927969553859,"u":927969560564,"pu":927969553570,"b":[["64772.41","1.968"],["64772.40","0.117"],["64772.39","0.024"],["64771.99","0.421"],["64771.69","0.108"],["64770.18","0.471"],["64770.17","0.049"],["64769.08","0.004"],["64769.03","0.172"],["64768.37","0.010"],["64768.36","0.225"],["64767.92","0.500"],["64767.89","0.001"],["64766.51","0.004"],["64766.48","0.155"],["64766.35","1.612"],["64766.25","1.000"],["64766.21","0.199"],["64766.20","0.235"],["64766.15","0.132"]],"a":[["64772.42","1.012"],["64773.18","0.008"],["64775.82","0.102"],["64775.84","3.023"],["64776.48","0.002"],["64778.00","0.025"],["64778.68","0.155"],["64778.88","1.034"],["64778.91","0.153"],["64779.00","0.153"],["64779.46","0.001"],["64779.56","0.001"],["64779.81","2.000"],["64779.91","0.001"],["64780.31","2.532"],["64780.60","0.209"],["64780.75","0.135"],["64780.86","0.155"],["64780.91","0.235"],["64781.01","1.080"]]}}{"stream":"btcusdt@depth20","data":{"e":"depthUpdate","E":1636696237809,"T":1636696237792,"s":"BTCUSDT","U":927969561522,"u":927969566838,"pu":927969560564,"b":[["64772.41","1.957"],["64772.40","0.112"],["64771.99","0.421"],["64771.69","0.108"],["64770.18","0.471"],["64770.17","0.049"],["64769.08","0.004"],["64769.03","0.172"],["64768.37","0.010"],["64768.36","0.225"],["64767.92","0.500"],["64767.89","0.001"],["64766.48","0.155"],["64766.35","1.612"],["64766.25","1.000"],["64766.21","0.199"],["64766.20","0.235"],["64766.15","0.132"],["64766.01","0.132"],["64766.00","0.197"]],"a":[["64772.42","0.990"],["64773.18","0.008"],["64775.82","0.102"],["64775.83","0.031"],["64775.84","3.023"],["64776.48","0.002"],["64778.00","0.025"],["64778.68","0.155"],["64778.88","1.034"],["64778.91","0.153"],["64779.00","0.153"],["64779.46","0.001"],["64779.56","0.001"],["64779.78","0.059"],["64779.81","2.000"],["64779.91","0.001"],["64780.31","2.532"],["64780.60","0.209"],["64780.75","0.135"],["64780.86","0.155"]]}}{"stream":"btcusdt@depth20","data":{"e":"depthUpdate","E":1636696238061,"T":1636696238044,"s":"BTCUSDT","U":927969567042,"u":927969572441,"pu":927969566838,"b":[["64772.41","1.955"],["64772.40","0.112"],["64771.69","0.108"],["64770.18","0.471"],["64770.17","0.049"],["64769.08","0.004"],["64769.03","0.172"],["64768.37","0.010"],["64768.36","0.225"],["64767.92","0.500"],["64767.89","0.001"],["64766.51","0.004"],["64766.48","0.155"],["64766.35","1.612"],["64766.25","1.000"],["64766.21","0.199"],["64766.20","0.235"],["64766.15","0.132"],["64766.01","0.132"],["64766.00","0.197"]],"a":[["64772.42","0.988"],["64772.79","0.214"],["64773.18","0.008"],["64775.82","0.102"],["64775.83","0.031"],["64775.84","3.023"],["64776.48","0.002"],["64778.00","0.025"],["64778.68","0.155"],["64778.88","1.034"],["64778.91","0.153"],["64779.00","0.153"],["64779.46","0.001"],["64779.56","0.001"],["64779.75","0.059"],["64779.81","2.000"],["64779.91","0.001"],["64780.31","2.532"],["64780.60","0.209"],["64780.75","0.135"]]}}{"stream":"btcusdt@depth20","data":{"e":"depthUpdate","E":1636696238327,"T":1636696238317,"s":"BTCUSDT","U":927969573086,"u":927969578940,"pu":927969572441,"b":[["64772.41","1.955"],["64772.40","0.112"],["64771.69","0.108"],["64771.41","0.005"],["64771.19","0.024"],["64770.18","0.471"],["64770.17","0.049"],["64769.11","0.078"],["64769.03","0.172"],["64768.37","0.010"],["64768.36","0.225"],["64767.92","0.500"],["64767.89","0.001"],["64766.51","0.004"],["64766.35","1.612"],["64766.25","1.000"],["64766.21","0.199"],["64766.20","0.235"],["64766.15","0.132"],["64766.01","0.132"]],"a":[["64772.42","0.865"],["64773.18","0.008"],["64775.82","0.102"],["64775.84","3.023"],["64776.48","0.002"],["64776.87","0.155"],["64778.00","0.025"],["64778.68","0.155"],["64778.88","1.034"],["64778.91","0.153"],["64779.00","0.153"],["64779.46","0.001"],["64779.56","0.001"],["64779.81","2.000"],["64779.91","0.001"],["64780.31","2.532"],["64780.60","0.209"],["64780.75","0.135"],["64780.91","0.235"],["64781.01","1.080"]]}}{"stream":"btcusdt@depth20","data":{"e":"depthUpdate","E":1636696238583,"T":1636696238560,"s":"BTCUSDT","U":927969579062,"u":927969583442,"pu":927969578940,"b":[["64772.41","1.954"],["64772.40","0.112"],["64771.69","0.108"],["64770.18","0.471"],["64770.17","0.049"],["64769.08","0.004"],["64769.03","0.172"],["64768.37","0.010"],["64768.36","0.225"],["64767.92","0.500"],["64767.89","0.001"],["64766.35","1.612"],["64766.25","1.000"],["64766.21","0.199"],["64766.20","0.133"],["64766.15","0.132"],["64766.01","0.132"],["64766.00","0.197"],["64765.89","0.234"],["64765.87","0.235"]],"a":[["64772.42","0.864"],["64773.18","0.008"],["64773.86","0.200"],["64775.82","0.102"],["64775.83","0.031"],["64775.84","3.023"],["64776.48","0.002"],["64776.87","0.155"],["64777.09","0.022"],["64778.00","0.025"],["64778.68","0.155"],["64778.88","1.034"],["64778.90","0.059"],["64778.91","0.153"],["64778.95","0.346"],["64779.00","0.153"],["64779.46","0.001"],["64779.56","0.001"],["64779.81","2.000"],["64779.91","0.132"]]}}{"stream":"btcusdt@depth20","data":{"e":"depthUpdate","E":1636696238853,"T":1636696238840,"s":"BTCUSDT","U":927969584389,"u":927969590037,"pu":927969583442,"b":[["64772.41","1.587"],["64772.40","0.112"],["64771.69","0.108"],["64770.18","0.471"],["64770.17","0.049"],["64769.08","0.004"],["64769.03","0.172"],["64768.99","0.078"],["64768.37","0.010"],["64768.36","0.225"],["64767.92","0.500"],["64767.89","0.001"],["64766.51","0.004"],["64766.35","1.612"],["64766.25","1.000"],["64766.21","0.199"],["64766.20","0.133"],["64766.15","0.132"],["64766.01","0.132"],["64766.00","0.197"]],"a":[["64772.42","0.840"],["64773.18","0.008"],["64773.86","0.200"],["64775.82","0.264"],["64775.84","3.023"],["64776.48","0.002"],["64776.87","0.155"],["64777.09","0.022"],["64778.00","0.025"],["64778.66","0.060"],["64778.68","0.155"],["64778.88","1.034"],["64778.91","0.153"],["64778.95","0.346"],["64779.00","0.153"],["64779.46","0.001"],["64779.56","0.132"],["64779.81","2.000"],["64779.91","0.132"],["64780.31","2.532"]]}}{"stream":"btcusdt@depth20","data":{"e":"depthUpdate","E":1636696239108,"T":1636696239093,"s":"BTCUSDT","U":927969590201,"u":927969595467,"pu":927969590037,"b":[["64772.41","1.095"],["64772.40","0.112"],["64771.69","0.108"],["64770.18","0.471"],["64770.17","0.048"],["64769.03","0.172"],["64768.37","0.010"],["64768.36","0.225"],["64767.89","0.001"],["64766.69","0.004"],["64766.51","0.004"],["64766.35","1.612"],["64766.25","1.000"],["64766.21","0.199"],["64766.20","0.133"],["64766.15","0.132"],["64766.01","0.132"],["64766.00","0.197"],["64765.89","0.234"],["64765.87","0.235"]],"a":[["64772.42","0.840"],["64773.18","0.008"],["64773.86","0.200"],["64775.60","0.015"],["64775.82","0.264"],["64775.83","0.031"],["64775.84","3.023"],["64776.48","0.002"],["64776.87","0.155"],["64777.09","0.022"],["64778.00","0.025"],["64778.66","0.060"],["64778.68","0.155"],["64778.88","1.034"],["64778.91","0.153"],["64778.95","0.346"],["64779.00","0.153"],["64779.46","0.132"],["64779.56","0.132"],["64779.81","2.000"]]}}{"stream":"btcusdt@depth20","data":{"e":"depthUpdate","E":1636696239390,"T":1636696239381,"s":"BTCUSDT","U":927969596496,"u":927969612727,"pu":927969595467,"b":[["64772.41","0.074"],["64772.40","0.112"],["64771.69","0.001"],["64770.19","0.243"],["64770.18","0.471"],["64770.17","0.001"],["64768.36","0.225"],["64767.89","0.001"],["64766.69","0.004"],["64766.51","0.004"],["64766.35","1.612"],["64766.25","1.000"],["64766.21","0.199"],["64766.20","0.001"],["64766.15","0.132"],["64766.01","0.132"],["64766.00","0.197"],["64765.89","0.234"],["64765.87","0.235"],["64765.60","0.250"]],"a":[["64772.42","1.338"],["64773.18","0.008"],["64773.36","0.224"],["64773.86","0.200"],["64774.40","0.002"],["64775.81","0.060"],["64775.82","0.388"],["64775.83","2.000"],["64775.84","3.023"],["64776.46","0.002"],["64776.49","0.060"],["64776.85","0.004"],["64777.09","0.022"],["64778.00","0.025"],["64778.68","0.155"],["64778.88","1.034"],["64778.91","0.153"],["64778.95","0.346"],["64779.00","0.153"],["64779.46","0.132"]]}}{"stream":"btcusdt@depth20","data":{"e":"depthUpdate","E":1636696239648,"T":1636696239635,"s":"BTCUSDT","U":927969612977,"u":927969622589,"pu":927969612727,"b":[["64772.41","0.075"],["64772.40","0.112"],["64771.69","0.001"],["64770.19","0.743"],["64770.18","0.471"],["64770.17","0.001"],["64768.36","0.225"],["64767.89","0.001"],["64767.82","0.004"],["64766.69","0.004"],["64766.52","0.010"],["64766.35","1.612"],["64766.21","0.199"],["64766.20","0.001"],["64766.01","0.132"],["64766.00","0.197"],["64765.89","0.234"],["64765.87","0.234"],["64765.60","0.250"],["64765.57","0.534"]],"a":[["64772.42","1.508"],["64773.18","0.008"],["64773.36","0.224"],["64773.86","0.200"],["64774.40","0.002"],["64775.81","0.060"],["64775.82","0.388"],["64775.83","2.000"],["64775.84","3.023"],["64776.23","0.002"],["64776.49","0.060"],["64776.85","0.004"],["64777.09","0.022"],["64778.00","0.025"],["64778.68","0.155"],["64778.88","1.034"],["64778.91","0.153"],["64778.95","0.346"],["64779.00","0.153"],["64779.46","0.132"]]}}{"stream":"btcusdt@depth20","data":{"e":"depthUpdate","E":1636696239900,"T":1636696239860,"s":"BTCUSDT","U":927969622921,"u":927969629517,"pu":927969622589,"b":[["64772.41","0.074"],["64772.40","0.112"],["64771.69","0.001"],["64770.19","0.243"],["64770.18","0.471"],["64770.17","0.001"],["64768.36","0.225"],["64767.89","0.001"],["64767.82","0.004"],["64766.52","0.010"],["64766.51","0.004"],["64766.35","1.612"],["64766.21","0.199"],["64766.20","0.001"],["64766.00","0.197"],["64765.89","0.234"],["64765.87","0.234"],["64765.60","0.250"],["64765.57","0.534"],["64765.12","0.460"]],"a":[["64772.42","1.867"],["64773.18","0.008"],["64773.36","0.224"],["64773.86","0.200"],["64774.40","0.002"],["64775.81","0.060"],["64775.82","0.235"],["64775.83","2.000"],["64775.84","3.023"],["64776.23","0.002"],["64776.49","0.060"],["64776.85","0.004"],["64777.09","0.022"],["64777.99","0.169"],["64778.00","0.025"],["64778.68","0.155"],["64778.88","1.034"],["64778.91","0.153"],["64778.95","0.346"],["64779.00","0.153"]]}}{"stream":"btcusdt@depth20","data":{"e":"depthUpdate","E":1636696240162,"T":1636696240130,"s":"BTCUSDT","U":927969631375,"u":927969641829,"pu":927969629517,"b":[["64772.41","0.074"],["64772.40","0.112"],["64771.69","0.001"],["64770.19","0.243"],["64770.18","0.471"],["64770.17","0.001"],["64768.37","0.004"],["64768.36","0.225"],["64767.89","0.001"],["64766.51","0.004"],["64766.35","1.612"],["64766.21","0.199"],["64766.20","0.001"],["64766.00","0.197"],["64765.87","0.132"],["64765.60","0.250"],["64765.57","0.534"],["64765.12","0.460"],["64765.00","0.133"],["64764.91","0.001"]],"a":[["64772.42","1.865"],["64773.18","0.008"],["64773.36","0.224"],["64773.86","0.200"],["64774.40","0.002"],["64775.81","0.060"],["64775.82","0.235"],["64775.83","2.000"],["64775.84","3.023"],["64776.23","0.002"],["64776.49","0.060"],["64776.85","0.004"],["64777.09","0.022"],["64777.99","0.169"],["64778.00","0.025"],["64778.68","0.155"],["64778.88","1.034"],["64778.91","0.153"],["64778.95","0.346"],["64779.00","0.153"]]}}{"stream":"btcusdt@depth20","data":{"e":"depthUpdate","E":1636696240414,"T":1636696240399,"s":"BTCUSDT","U":927969642645,"u":927969652534,"pu":927969641829,"b":[["64772.41","0.069"],["64772.40","0.112"],["64771.69","0.001"],["64770.18","0.471"],["64770.17","0.001"],["64767.89","0.001"],["64767.04","0.004"],["64766.87","0.004"],["64766.21","0.199"],["64766.20","0.001"],["64766.00","0.001"],["64765.60","0.118"],["64765.57","0.534"],["64765.00","0.001"],["64764.91","0.132"],["64764.11","0.132"],["64763.72","0.400"],["64763.69","0.235"],["64763.62","0.234"],["64763.59","0.338"]],"a":[["64772.42","5.632"],["64773.18","0.008"],["64773.36","0.224"],["64773.86","0.200"],["64774.40","0.002"],["64775.61","0.002"],["64775.82","0.204"],["64775.83","2.000"],["64775.84","3.023"],["64776.49","0.060"],["64776.85","0.004"],["64777.09","0.022"],["64777.99","0.169"],["64778.00","0.025"],["64778.65","0.154"],["64778.68","0.155"],["64778.88","1.034"],["64778.91","0.153"],["64778.95","0.346"],["64779.00","0.153"]]}}{"stream":"btcusdt@depth20","data":{"e":"depthUpdate","E":1636696240667,"T":1636696240621,"s":"BTCUSDT","U":927969652855,"u":927969661534,"pu":927969652534,"b":[["64772.41","0.069"],["64772.40","0.112"],["64771.69","0.001"],["64770.18","0.471"],["64770.17","0.001"],["64767.89","0.001"],["64767.21","0.004"],["64766.51","0.004"],["64766.22","0.375"],["64766.21","0.199"],["64766.20","0.001"],["64766.00","0.001"],["64765.60","0.118"],["64765.57","0.534"],["64765.00","0.233"],["64764.91","0.233"],["64764.12","0.567"],["64764.11","0.132"],["64763.69","0.235"],["64763.62","0.234"]],"a":[["64772.42","6.331"],["64773.18","0.008"],["64773.36","0.224"],["64773.86","0.200"],["64774.40","0.004"],["64775.61","0.002"],["64775.81","1.859"],["64775.82","0.204"],["64775.83","2.000"],["64775.84","3.023"],["64776.49","0.060"],["64776.85","0.004"],["64777.09","0.022"],["64777.99","0.169"],["64778.00","0.025"],["64778.65","0.154"],["64778.68","0.155"],["64778.88","1.937"],["64778.91","0.153"],["64778.95","0.346"]]}}{"stream":"btcusdt@depth20","data":{"e":"depthUpdate","E":1636696240921,"T":1636696240914,"s":"BTCUSDT","U":927969662201,"u":927969686665,"pu":927969661534,"b":[["64770.18","0.471"],["64770.17","0.001"],["64767.89","0.001"],["64766.27","0.004"],["64766.22","0.375"],["64766.21","0.199"],["64766.20","0.001"],["64766.00","0.001"],["64765.60","0.118"],["64765.57","0.534"],["64765.00","0.001"],["64764.12","0.567"],["64763.69","0.001"],["64763.59","0.338"],["64763.52","0.132"],["64763.00","0.104"],["64762.68","0.102"],["64762.31","1.000"],["64762.29","0.102"],["64762.01","0.133"]],"a":[["64770.19","2.452"],["64770.93","0.401"],["64771.13","0.400"],["64772.41","0.643"],["64772.42","4.144"],["64773.18","0.007"],["64773.36","0.224"],["64773.79","0.002"],["64773.85","0.016"],["64773.86","0.200"],["64774.40","0.004"],["64775.81","0.102"],["64775.82","0.162"],["64775.83","2.062"],["64775.84","3.023"],["64776.49","0.191"],["64776.85","0.236"],["64777.00","0.191"],["64777.07","0.154"],["64777.08","0.054"]]}}{"stream":"btcusdt@depth20","data":{"e":"depthUpdate","E":1636696241178,"T":1636696241169,"s":"BTCUSDT","U":927969687166,"u":927969699251,"pu":927969686665,"b":[["64770.18","0.471"],["64770.17","0.001"],["64767.89","0.001"],["64766.27","0.004"],["64766.22","0.375"],["64766.21","0.199"],["64766.20","0.001"],["64766.00","0.001"],["64765.60","0.118"],["64765.57","0.534"],["64765.00","0.001"],["64764.12","0.567"],["64763.69","0.001"],["64763.59","0.338"],["64763.52","0.132"],["64763.00","0.104"],["64762.68","0.102"],["64762.31","1.000"],["64762.29","0.102"],["64762.01","0.133"]],"a":[["64770.19","2.497"],["64770.93","0.401"],["64771.13","0.400"],["64772.27","0.016"],["64772.40","0.773"],["64772.41","0.643"],["64772.42","3.950"],["64773.18","0.007"],["64773.36","0.224"],["64773.79","0.002"],["64773.86","0.200"],["64774.38","0.108"],["64774.40","0.004"],["64775.80","2.240"],["64775.81","0.102"],["64775.82","0.162"],["64775.83","2.000"],["64775.84","3.023"],["64776.49","0.191"],["64776.74","0.154"]]}}{"stream":"btcusdt@depth20","data":{"e":"depthUpdate","E":1636696241430,"T":1636696241418,"s":"BTCUSDT","U":927969699313,"u":927969708756,"pu":927969699251,"b":[["64770.18","0.463"],["64770.17","0.001"],["64767.89","0.001"],["64766.27","0.004"],["64766.22","0.375"],["64766.21","0.199"],["64766.20","0.001"],["64766.00","0.001"],["64765.60","0.118"],["64765.57","0.534"],["64765.00","0.001"],["64763.69","0.001"],["64763.59","0.338"],["64763.00","0.133"],["64762.69","0.626"],["64762.68","0.233"],["64762.47","0.251"],["64762.31","1.000"],["64762.29","0.102"],["64762.26","0.192"]],"a":[["64770.19","2.550"],["64770.93","0.401"],["64771.13","0.400"],["64772.34","0.016"],["64772.40","0.773"],["64772.41","0.641"],["64772.42","3.928"],["64773.18","0.007"],["64773.36","0.224"],["64773.79","0.002"],["64773.86","0.200"],["64774.40","0.004"],["64775.79","0.108"],["64775.80","2.240"],["64775.81","0.161"],["64775.82","0.193"],["64775.83","2.000"],["64775.84","3.023"],["64776.49","0.191"],["64776.74","0.154"]]}}{"stream":"btcusdt@depth20","data":{"e":"depthUpdate","E":1636696241715,"T":1636696241706,"s":"BTCUSDT","U":927969709910,"u":927969717649,"pu":927969708756,"b":[["64770.18","0.463"],["64770.17","0.001"],["64767.89","0.001"],["64766.27","0.004"],["64766.22","0.375"],["64766.21","0.199"],["64766.20","0.001"],["64766.00","0.001"],["64765.60","0.118"],["64765.57","0.534"],["64765.00","0.001"],["64763.69","0.001"],["64763.59","0.338"],["64763.00","0.002"],["64762.69","0.626"],["64762.68","0.132"],["64762.47","0.251"],["64762.31","1.000"],["64762.29","0.233"],["64762.26","0.192"]],"a":[["64770.19","2.643"],["64770.93","0.401"],["64771.13","0.400"],["64772.40","0.773"],["64772.41","0.641"],["64772.42","3.928"],["64773.18","0.007"],["64773.25","0.714"],["64773.36","0.224"],["64773.70","0.002"],["64773.79","0.002"],["64773.86","0.200"],["64774.40","0.004"],["64775.80","2.240"],["64775.81","0.161"],["64775.82","0.193"],["64775.83","2.000"],["64775.84","3.023"],["64776.48","0.108"],["64776.49","0.191"]]}}{"stream":"btcusdt@depth20","data":{"e":"depthUpdate","E":1636696242007,"T":1636696241997,"s":"BTCUSDT","U":927969718791,"u":927969725918,"pu":927969717649,"b":[["64770.18","0.463"],["64770.17","0.187"],["64767.89","0.001"],["64766.27","0.004"],["64766.22","0.375"],["64766.21","0.199"],["64766.00","0.001"],["64765.60","0.118"],["64765.57","0.534"],["64765.00","0.001"],["64763.69","0.001"],["64763.59","0.338"],["64763.00","0.002"],["64762.69","0.626"],["64762.68","0.132"],["64762.47","0.251"],["64762.29","0.233"],["64762.26","0.192"],["64762.17","0.462"],["64762.01","0.133"]],"a":[["64770.19","2.702"],["64770.93","0.401"],["64771.13","0.400"],["64772.40","0.773"],["64772.41","0.581"],["64772.42","1.928"],["64773.18","0.007"],["64773.25","0.714"],["64773.36","0.224"],["64773.70","0.002"],["64773.79","0.002"],["64773.86","0.200"],["64774.40","0.004"],["64775.80","2.240"],["64775.81","0.161"],["64775.82","0.162"],["64775.83","2.000"],["64775.84","3.023"],["64776.48","0.108"],["64776.49","0.191"]]}}{"stream":"btcusdt@depth20","data":{"e":"depthUpdate","E":1636696242262,"T":1636696242241,"s":"BTCUSDT","U":927969726158,"u":927969733602,"pu":927969725918,"b":[["64770.18","0.459"],["64770.17","0.186"],["64767.89","0.001"],["64766.22","0.375"],["64766.21","0.199"],["64766.00","0.001"],["64765.60","0.118"],["64765.57","0.534"],["64765.00","0.001"],["64763.90","0.004"],["64763.69","0.001"],["64763.59","0.338"],["64763.00","0.002"],["64762.69","0.626"],["64762.68","0.001"],["64762.47","0.251"],["64762.29","0.131"],["64762.26","0.192"],["64762.17","0.462"],["64762.01","0.264"]],"a":[["64770.19","3.177"],["64770.93","0.401"],["64771.13","0.400"],["64772.40","0.773"],["64772.41","0.581"],["64772.42","1.928"],["64773.18","0.007"],["64773.25","0.714"],["64773.36","0.224"],["64773.70","0.002"],["64773.79","0.002"],["64773.86","0.200"],["64774.27","0.001"],["64774.40","0.004"],["64775.80","2.240"],["64775.81","0.232"],["64775.82","0.162"],["64775.83","2.000"],["64775.84","3.023"],["64776.48","0.239"]]}}{"stream":"btcusdt@depth20","data":{"e":"depthUpdate","E":1636696242524,"T":1636696242502,"s":"BTCUSDT","U":927969734322,"u":927969740691,"pu":927969733602,"b":[["64770.18","1.008"],["64770.17","0.186"],["64766.22","0.375"],["64766.21","0.199"],["64766.00","0.001"],["64765.60","0.118"],["64765.57","0.534"],["64765.00","0.001"],["64764.62","0.228"],["64763.90","0.004"],["64763.69","0.001"],["64763.59","0.338"],["64763.00","0.002"],["64762.89","1.000"],["64762.69","0.626"],["64762.68","0.001"],["64762.47","0.251"],["64762.29","0.131"],["64762.26","0.192"],["64762.17","0.462"]],"a":[["64770.19","1.317"],["64770.93","0.001"],["64772.37","2.000"],["64772.40","0.773"],["64772.41","0.081"],["64772.42","1.129"],["64773.18","0.007"],["64773.25","0.714"],["64773.36","0.224"],["64773.70","0.002"],["64773.79","0.002"],["64773.86","0.200"],["64774.27","0.001"],["64774.40","0.004"],["64775.80","2.240"],["64775.81","0.232"],["64775.82","0.162"],["64775.84","3.023"],["64776.48","0.131"],["64776.49","0.191"]]}}{"stream":"btcusdt@depth20","data":{"e":"depthUpdate","E":1636696242778,"T":1636696242768,"s":"BTCUSDT","U":927969741154,"u":927969747200,"pu":927969740691,"b":[["64770.18","1.008"],["64770.17","0.186"],["64766.22","0.375"],["64766.21","0.199"],["64766.00","0.001"],["64765.60","0.118"],["64765.57","0.534"],["64765.00","0.001"],["64763.69","0.001"],["64763.59","0.338"],["64763.00","0.002"],["64762.89","1.000"],["64762.69","0.626"],["64762.68","0.001"],["64762.47","0.251"],["64762.29","0.131"],["64762.26","0.192"],["64762.17","0.462"],["64762.01","0.264"],["64761.25","0.265"]],"a":[["64770.19","1.325"],["64770.93","0.001"],["64772.37","2.000"],["64772.40","0.773"],["64772.41","0.081"],["64772.42","1.129"],["64773.18","0.007"],["64773.25","0.714"],["64773.36","0.224"],["64773.70","0.002"],["64773.79","0.002"],["64773.86","0.200"],["64774.27","0.001"],["64774.40","0.004"],["64775.80","2.240"],["64775.81","0.232"],["64775.82","0.162"],["64775.84","3.023"],["64776.48","0.131"],["64776.49","0.191"]]}}{"stream":"btcusdt@depth20","data":{"e":"depthUpdate","E":1636696243030,"T":1636696243008,"s":"BTCUSDT","U":927969747306,"u":927969752580,"pu":927969747200,"b":[["64770.18","1.008"],["64770.17","0.186"],["64766.22","0.375"],["64766.21","0.199"],["64766.00","0.001"],["64765.60","0.118"],["64765.57","0.534"],["64765.00","0.001"],["64763.71","0.004"],["64763.69","0.001"],["64763.59","0.338"],["64763.00","0.002"],["64762.89","1.000"],["64762.69","0.626"],["64762.68","0.001"],["64762.47","0.251"],["64762.29","0.131"],["64762.26","0.192"],["64762.17","0.462"],["64762.01","0.264"]],"a":[["64770.19","1.324"],["64770.93","0.001"],["64772.37","2.000"],["64772.40","0.773"],["64772.41","0.081"],["64772.42","1.129"],["64773.18","0.007"],["64773.25","0.714"],["64773.36","0.224"],["64773.70","0.002"],["64773.79","0.002"],["64773.86","0.200"],["64774.27","0.001"],["64774.40","0.004"],["64775.80","2.240"],["64775.81","0.232"],["64775.82","0.162"],["64775.84","3.023"],["64776.47","0.239"],["64776.48","0.131"]]}}{"stream":"btcusdt@depth20","data":{"e":"depthUpdate","E":1636696243288,"T":1636696243254,"s":"BTCUSDT","U":927969753174,"u":927969758146,"pu":927969752580,"b":[["64770.18","0.458"],["64770.17","0.186"],["64766.22","0.375"],["64766.21","0.199"],["64766.00","0.001"],["64765.60","0.118"],["64765.57","0.534"],["64765.00","0.001"],["64764.10","0.004"],["64763.69","0.001"],["64763.65","0.200"],["64763.59","0.338"],["64763.00","0.002"],["64762.69","0.626"],["64762.68","0.001"],["64762.47","0.251"],["64762.29","0.131"],["64762.17","0.462"],["64762.01","0.264"],["64761.25","0.265"]],"a":[["64770.19","2.108"],["64770.20","0.005"],["64770.93","0.001"],["64772.37","2.000"],["64772.40","0.773"],["64772.41","0.051"],["64772.42","1.129"],["64773.18","0.007"],["64773.25","0.714"],["64773.36","0.224"],["64773.70","0.002"],["64773.79","0.002"],["64773.86","0.200"],["64774.27","0.001"],["64774.40","0.004"],["64775.80","2.240"],["64775.81","0.173"],["64775.82","0.162"],["64775.84","3.023"],["64776.47","0.239"]]}}{"stream":"btcusdt@depth20","data":{"e":"depthUpdate","E":1636696243540,"T":1636696243459,"s":"BTCUSDT","U":927969758782,"u":927969762634,"pu":927969758146,"b":[["64770.18","0.457"],["64770.17","0.186"],["64766.27","0.004"],["64766.22","0.375"],["64766.21","0.199"],["64766.00","0.001"],["64765.60","0.118"],["64765.57","0.534"],["64765.00","0.001"],["64763.77","0.200"],["64763.69","0.001"],["64763.59","0.338"],["64763.00","0.002"],["64762.69","0.626"],["64762.68","0.001"],["64762.47","0.251"],["64762.29","0.131"],["64762.01","0.264"],["64761.25","0.265"],["64761.21","0.199"]],"a":[["64770.19","2.116"],["64770.20","0.005"],["64770.93","0.001"],["64772.37","2.000"],["64772.40","0.773"],["64772.41","0.051"],["64772.42","1.129"],["64773.18","0.007"],["64773.25","0.714"],["64773.36","0.224"],["64773.70","0.002"],["64773.79","0.002"],["64773.86","0.200"],["64774.27","0.001"],["64774.40","0.004"],["64775.78","0.130"],["64775.80","2.240"],["64775.81","0.173"],["64775.82","0.162"],["64775.84","3.023"]]}}{"stream":"btcusdt@depth20","data":{"e":"depthUpdate","E":1636696243862,"T":1636696243848,"s":"BTCUSDT","U":927969765988,"u":927969772015,"pu":927969762634,"b":[["64770.18","0.446"],["64770.17","0.186"],["64766.22","0.375"],["64766.21","0.199"],["64766.00","0.001"],["64765.60","0.118"],["64765.57","0.534"],["64765.00","0.001"],["64763.77","0.200"],["64763.69","0.001"],["64763.59","0.338"],["64763.00","0.002"],["64762.69","0.626"],["64762.68","0.001"],["64762.47","0.251"],["64762.29","0.131"],["64762.01","0.264"],["64761.25","0.265"],["64761.21","0.199"],["64761.20","0.231"]],"a":[["64770.19","2.256"],["64770.20","0.005"],["64770.93","0.001"],["64772.37","2.000"],["64772.40","0.773"],["64772.41","0.051"],["64772.42","1.129"],["64773.18","0.007"],["64773.25","0.714"],["64773.36","0.224"],["64773.70","0.002"],["64773.79","0.002"],["64773.86","0.200"],["64774.27","0.001"],["64774.40","0.002"],["64775.78","0.190"],["64775.79","0.031"],["64775.80","2.299"],["64775.81","0.173"],["64775.82","0.162"]]}}{"stream":"btcusdt@depth20","data":{"e":"depthUpdate","E":1636696244115,"T":1636696244108,"s":"BTCUSDT","U":927969772305,"u":927969778471,"pu":927969772015,"b":[["64770.18","0.446"],["64770.17","0.186"],["64770.00","0.028"],["64766.27","0.004"],["64766.22","0.375"],["64766.21","0.199"],["64766.00","0.001"],["64765.60","0.118"],["64765.57","0.534"],["64765.00","0.001"],["64763.83","0.200"],["64763.69","0.001"],["64763.59","0.338"],["64763.00","0.002"],["64762.69","0.626"],["64762.68","0.001"],["64762.47","0.251"],["64762.29","0.131"],["64762.01","0.264"],["64761.25","0.265"]],"a":[["64770.19","2.213"],["64770.20","0.007"],["64770.93","0.001"],["64772.37","2.000"],["64772.40","0.773"],["64772.41","0.051"],["64772.42","1.129"],["64773.18","0.007"],["64773.25","0.714"],["64773.36","0.224"],["64773.70","0.002"],["64773.79","0.002"],["64773.86","0.200"],["64774.27","0.001"],["64775.77","0.169"],["64775.78","0.190"],["64775.79","0.059"],["64775.80","2.240"],["64775.81","0.173"],["64775.82","0.162"]]}}{"stream":"btcusdt@depth20","data":{"e":"depthUpdate","E":1636696244366,"T":1636696244349,"s":"BTCUSDT","U":927969778764,"u":927969785046,"pu":927969778471,"b":[["64770.18","0.446"],["64770.17","0.224"],["64770.00","0.028"],["64767.15","0.004"],["64766.51","0.004"],["64766.22","0.375"],["64766.21","0.199"],["64766.00","0.001"],["64765.60","0.118"],["64765.57","0.534"],["64765.00","0.001"],["64763.71","0.200"],["64763.69","0.001"],["64763.59","0.338"],["64763.00","0.002"],["64762.72","1.000"],["64762.69","0.626"],["64762.68","0.131"],["64762.47","0.251"],["64762.29","0.131"]],"a":[["64770.19","1.973"],["64770.20","0.009"],["64770.93","0.001"],["64772.40","0.773"],["64772.41","0.051"],["64772.42","3.129"],["64773.18","0.007"],["64773.25","0.714"],["64773.36","0.224"],["64773.70","0.002"],["64773.79","0.002"],["64773.86","0.200"],["64774.27","0.001"],["64775.78","0.190"],["64775.79","0.189"],["64775.80","2.240"],["64775.81","0.173"],["64775.82","0.162"],["64775.84","3.023"],["64776.47","0.239"]]}}{"stream":"btcusdt@depth20","data":{"e":"depthUpdate","E":1636696244628,"T":1636696244620,"s":"BTCUSDT","U":927969785589,"u":927969793000,"pu":927969785046,"b":[["64770.18","0.415"],["64770.17","0.186"],["64770.00","0.028"],["64767.15","0.004"],["64766.22","0.375"],["64766.21","0.199"],["64766.00","0.001"],["64765.60","0.118"],["64765.57","0.534"],["64765.00","0.001"],["64763.73","0.200"],["64763.69","0.001"],["64763.59","0.338"],["64763.00","0.002"],["64762.69","0.626"],["64762.68","0.131"],["64762.47","0.251"],["64762.29","0.131"],["64762.01","0.264"],["64761.62","0.349"]],"a":[["64770.19","2.343"],["64770.20","0.009"],["64770.93","0.001"],["64772.41","0.051"],["64772.42","3.060"],["64773.18","0.007"],["64773.25","0.714"],["64773.36","0.224"],["64773.70","0.002"],["64773.79","0.002"],["64773.86","0.200"],["64774.27","0.001"],["64775.78","0.060"],["64775.79","0.059"],["64775.81","0.173"],["64775.82","0.162"],["64775.84","3.023"],["64776.47","0.239"],["64776.48","0.131"],["64776.49","0.131"]]}}{"stream":"btcusdt@depth20","data":{"e":"depthUpdate","E":1636696244889,"T":1636696244869,"s":"BTCUSDT","U":927969793312,"u":927969797899,"pu":927969793000,"b":[["64770.18","0.415"],["64770.17","0.186"],["64770.00","0.028"],["64767.15","0.004"],["64766.27","0.004"],["64766.22","0.375"],["64766.21","0.199"],["64766.00","0.001"],["64765.60","0.118"],["64765.57","0.534"],["64765.00","0.001"],["64763.73","0.200"],["64763.69","0.001"],["64763.59","0.338"],["64763.00","0.002"],["64762.83","1.000"],["64762.69","0.626"],["64762.68","0.131"],["64762.47","0.251"],["64762.29","0.131"]],"a":[["64770.19","2.343"],["64770.20","0.009"],["64770.93","0.001"],["64772.41","0.051"],["64772.42","3.060"],["64773.18","0.007"],["64773.25","0.714"],["64773.36","0.224"],["64773.70","0.002"],["64773.79","0.002"],["64773.86","0.200"],["64774.27","0.001"],["64775.81","0.173"],["64775.82","0.162"],["64775.84","3.023"],["64776.47","0.239"],["64776.48","0.131"],["64776.49","0.131"],["64776.85","0.236"],["64777.00","0.191"]]}}{"stream":"btcusdt@depth20","data":{"e":"depthUpdate","E":1636696245140,"T":1636696245130,"s":"BTCUSDT","U":927969798251,"u":927969803673,"pu":927969797899,"b":[["64770.18","0.184"],["64770.17","0.186"],["64770.00","0.028"],["64767.15","0.004"],["64766.27","0.004"],["64766.22","0.375"],["64766.21","0.199"],["64766.00","0.001"],["64765.60","0.118"],["64765.57","0.534"],["64765.00","0.001"],["64763.81","0.200"],["64763.69","0.001"],["64763.59","0.338"],["64763.00","0.002"],["64762.83","1.000"],["64762.69","0.626"],["64762.68","0.131"],["64762.47","0.251"],["64762.29","0.131"]],"a":[["64770.19","1.943"],["64770.20","0.009"],["64770.93","0.001"],["64772.40","0.527"],["64772.41","0.051"],["64772.42","3.060"],["64773.18","0.007"],["64773.25","0.714"],["64773.36","0.224"],["64773.70","0.002"],["64773.79","0.002"],["64773.86","0.200"],["64774.27","0.001"],["64775.79","0.060"],["64775.80","1.625"],["64775.81","0.042"],["64775.82","0.162"],["64775.83","0.059"],["64775.84","3.023"],["64775.90","0.016"]]}}{"stream":"btcusdt@depth20","data":{"e":"depthUpdate","E":1636696245390,"T":1636696245383,"s":"BTCUSDT","U":927969803714,"u":927969808994,"pu":927969803673,"b":[["64770.18","0.178"],["64770.17","0.186"],["64770.00","0.028"],["64767.15","0.004"],["64766.27","0.004"],["64766.23","0.500"],["64766.22","0.375"],["64766.21","0.199"],["64766.00","0.001"],["64765.60","0.118"],["64765.57","0.534"],["64765.00","0.001"],["64763.69","0.001"],["64763.59","0.338"],["64763.57","0.012"],["64763.00","0.002"],["64762.69","0.626"],["64762.68","0.131"],["64762.47","0.251"],["64762.29","0.131"]],"a":[["64770.19","1.555"],["64770.20","0.009"],["64770.93","0.001"],["64772.41","0.051"],["64772.42","3.060"],["64773.18","0.007"],["64773.25","0.714"],["64773.36","0.224"],["64773.70","0.002"],["64773.79","0.002"],["64773.86","0.200"],["64774.27","0.001"],["64775.78","0.060"],["64775.81","0.172"],["64775.82","0.221"],["64775.83","0.031"],["64775.84","3.023"],["64775.93","0.168"],["64776.47","0.239"],["64776.48","0.131"]]}}{"stream":"btcusdt@depth20","data":{"e":"depthUpdate","E":1636696245674,"T":1636696245655,"s":"BTCUSDT","U":927969809705,"u":927969816122,"pu":927969808994,"b":[["64770.18","0.177"],["64770.17","0.186"],["64770.00","0.028"],["64767.48","0.038"],["64767.15","0.004"],["64766.27","0.004"],["64766.23","0.500"],["64766.22","0.375"],["64766.21","0.199"],["64766.00","0.001"],["64765.60","0.118"],["64765.57","0.534"],["64765.00","0.001"],["64763.69","0.001"],["64763.59","0.338"],["64763.57","0.142"],["64763.36","0.190"],["64763.00","0.130"],["64762.69","0.626"],["64762.68","0.131"]],"a":[["64770.19","1.089"],["64770.20","0.009"],["64770.93","0.001"],["64772.40","0.530"],["64772.41","0.051"],["64772.42","2.998"],["64773.18","0.007"],["64773.25","0.714"],["64773.36","0.224"],["64773.70","0.002"],["64773.79","0.002"],["64773.86","0.200"],["64774.27","0.001"],["64775.78","0.060"],["64775.79","0.031"],["64775.80","1.695"],["64775.81","0.101"],["64775.82","0.162"],["64775.83","0.230"],["64775.84","3.023"]]}}{"stream":"btcusdt@depth20","data":{"e":"depthUpdate","E":1636696245928,"T":1636696245902,"s":"BTCUSDT","U":927969816611,"u":927969827394,"pu":927969816122,"b":[["64770.18","0.160"],["64770.17","0.186"],["64770.00","0.028"],["64767.48","0.038"],["64767.15","0.004"],["64766.27","0.004"],["64766.23","0.500"],["64766.22","0.375"],["64766.21","0.199"],["64766.00","0.001"],["64765.60","0.118"],["64765.57","0.534"],["64765.00","0.001"],["64763.69","0.001"],["64763.59","0.338"],["64763.57","0.130"],["64763.48","0.054"],["64763.00","0.130"],["64762.69","0.626"],["64762.68","0.131"]],"a":[["64770.19","1.089"],["64770.20","0.009"],["64770.93","0.001"],["64771.00","1.111"],["64772.40","0.530"],["64772.41","0.051"],["64772.42","2.998"],["64773.18","0.007"],["64773.25","0.714"],["64773.36","0.224"],["64773.70","0.002"],["64773.76","0.002"],["64773.86","0.200"],["64774.27","0.001"],["64775.78","0.060"],["64775.79","0.031"],["64775.80","1.695"],["64775.81","0.172"],["64775.82","0.162"],["64775.83","0.230"]]}}{"stream":"btcusdt@depth20","data":{"e":"depthUpdate","E":1636696246189,"T":1636696246183,"s":"BTCUSDT","U":927969828586,"u":927969862464,"pu":927969827394,"b":[["64761.25","0.134"],["64761.20","0.001"],["64760.70","0.012"],["64760.00","0.031"],["64756.88","0.137"],["64756.51","0.200"],["64755.56","0.208"],["64754.99","0.235"],["64754.27","0.233"],["64753.38","0.233"],["64752.55","0.232"],["64752.38","0.001"],["64751.74","0.139"],["64751.40","0.001"],["64751.25","0.077"],["64750.67","0.001"],["64750.49","0.077"],["64750.29","0.004"],["64750.28","2.750"],["64750.12","0.001"]],"a":[["64763.30","0.167"],["64763.49","0.589"],["64763.59","0.479"],["64763.60","1.682"],["64763.69","0.030"],["64763.70","1.424"],["64763.96","0.010"],["64763.98","0.010"],["64764.48","0.010"],["64764.58","0.030"],["64764.62","0.116"],["64764.64","0.010"],["64765.00","0.030"],["64765.01","3.770"],["64765.57","0.404"],["64765.58","1.007"],["64765.59","0.010"],["64765.60","0.595"],["64765.61","4.698"],["64765.81","0.142"]]}}{"stream":"btcusdt@depth20","data":{"e":"depthUpdate","E":1636696246439,"T":1636696246433,"s":"BTCUSDT","U":927969862503,"u":927969886366,"pu":927969862464,"b":[["64756.51","0.200"],["64755.56","0.077"],["64754.27","0.001"],["64752.38","0.001"],["64751.40","0.001"],["64751.31","0.004"],["64750.67","0.001"],["64750.49","0.077"],["64750.19","1.000"],["64750.13","0.002"],["64750.12","0.003"],["64750.11","0.077"],["64750.03","0.023"],["64750.01","0.002"],["64750.00","36.660"],["64749.38","0.001"],["64747.58","0.003"],["64746.86","0.102"],["64746.60","0.139"],["64744.94","0.077"]],"a":[["64756.52","2.558"],["64756.53","0.194"],["64756.54","0.077"],["64756.55","0.430"],["64756.58","0.004"],["64756.70","0.005"],["64756.89","3.111"],["64757.80","0.100"],["64758.00","1.275"],["64758.01","2.400"],["64758.45","0.022"],["64758.52","0.616"],["64758.61","0.002"],["64758.72","0.232"],["64759.01","1.234"],["64759.23","0.232"],["64759.96","0.903"],["64760.01","0.500"],["64760.71","2.000"],["64760.87","0.031"]]}}{"stream":"btcusdt@depth20","data":{"e":"depthUpdate","E":1636696246692,"T":1636696246687,"s":"BTCUSDT","U":927969886715,"u":927969902335,"pu":927969886366,"b":[["64750.03","1.874"],["64750.02","0.005"],["64750.01","3.284"],["64750.00","36.660"],["64746.86","0.162"],["64744.94","0.077"],["64744.27","0.002"],["64743.67","0.003"],["64743.60","0.001"],["64743.55","0.172"],["64742.99","0.001"],["64742.58","0.046"],["64742.00","0.059"],["64741.60","0.002"],["64741.46","0.138"],["64740.80","0.234"],["64740.53","0.161"],["64740.35","0.232"],["64740.34","0.233"],["64740.32","0.249"]],"a":[["64750.04","1.068"],["64750.14","0.030"],["64750.68","0.030"],["64751.77","0.155"],["64754.77","0.003"],["64755.54","0.165"],["64755.67","0.002"],["64755.75","0.016"],["64756.48","0.031"],["64756.49","0.820"],["64756.52","1.056"],["64756.53","0.194"],["64756.54","0.077"],["64756.58","0.004"],["64756.70","0.005"],["64757.33","0.135"],["64757.80","0.231"],["64758.00","1.275"],["64758.01","2.000"],["64758.45","0.254"]]}}{"stream":"btcusdt@depth20","data":{"e":"depthUpdate","E":1636696246946,"T":1636696246937,"s":"BTCUSDT","U":927969902542,"u":927969913244,"pu":927969902335,"b":[["64750.03","0.590"],["64750.02","0.005"],["64750.01","3.284"],["64750.00","36.660"],["64747.98","0.189"],["64746.86","0.162"],["64744.94","0.077"],["64744.31","0.001"],["64743.67","0.003"],["64743.60","0.001"],["64743.55","0.172"],["64742.99","0.001"],["64742.58","0.046"],["64742.00","0.059"],["64741.60","0.001"],["64741.46","0.138"],["64740.80","0.234"],["64740.53","0.161"],["64740.35","0.232"],["64740.34","0.233"]],"a":[["64750.04","1.599"],["64750.28","0.220"],["64750.68","0.030"],["64751.05","0.060"],["64751.77","0.155"],["64751.80","0.002"],["64755.00","0.002"],["64755.33","1.234"],["64755.54","0.004"],["64755.75","0.016"],["64756.50","0.568"],["64756.52","1.056"],["64756.54","0.077"],["64757.33","0.004"],["64757.80","0.100"],["64758.00","1.275"],["64758.01","2.000"],["64758.44","0.185"],["64758.45","0.232"],["64758.52","0.616"]]}}{"stream":"btcusdt@depth20","data":{"e":"depthUpdate","E":1636696247196,"T":1636696247189,"s":"BTCUSDT","U":927969913427,"u":927969923316,"pu":927969913244,"b":[["64750.03","1.251"],["64750.02","0.005"],["64750.01","3.284"],["64750.00","36.660"],["64747.98","0.189"],["64746.86","0.162"],["64746.48","0.001"],["64745.34","0.073"],["64745.33","0.420"],["64744.94","0.077"],["64744.82","0.233"],["64743.67","0.003"],["64743.60","0.001"],["64743.55","0.172"],["64742.99","0.001"],["64742.58","0.046"],["64742.57","0.521"],["64742.00","0.059"],["64741.99","0.975"],["64741.60","0.001"]],"a":[["64750.04","1.660"],["64750.68","0.030"],["64750.73","0.001"],["64751.05","0.060"],["64751.67","0.387"],["64751.77","0.155"],["64751.80","0.002"],["64754.47","0.016"],["64754.94","0.002"],["64755.31","0.119"],["64755.32","0.073"],["64755.33","1.234"],["64755.54","0.004"],["64756.50","0.568"],["64756.52","1.098"],["64756.54","0.077"],["64757.33","0.004"],["64757.53","0.001"],["64757.80","0.100"],["64758.00","1.275"]]}}{"stream":"btcusdt@depth20","data":{"e":"depthUpdate","E":1636696247450,"T":1636696247438,"s":"BTCUSDT","U":927969923574,"u":927969933665,"pu":927969923316,"b":[["64750.03","0.980"],["64750.02","0.006"],["64750.01","3.284"],["64750.00","36.660"],["64746.86","0.162"],["64745.34","0.073"],["64745.33","0.420"],["64744.94","0.077"],["64744.82","0.233"],["64743.67","0.003"],["64743.60","0.001"],["64743.55","0.172"],["64742.99","0.001"],["64742.58","0.046"],["64742.57","0.521"],["64742.00","0.190"],["64741.99","0.975"],["64741.58","0.326"],["64741.46","0.138"],["64740.80","0.234"]],"a":[["64750.04","1.662"],["64750.68","0.030"],["64750.73","0.001"],["64751.05","0.060"],["64751.67","0.387"],["64751.77","0.155"],["64751.80","0.002"],["64754.07","0.161"],["64754.09","2.000"],["64754.94","0.002"],["64755.33","1.234"],["64756.50","0.568"],["64756.52","1.098"],["64756.54","0.208"],["64757.33","0.236"],["64757.53","0.233"],["64757.80","0.231"],["64758.00","1.275"],["64758.01","2.000"],["64758.44","0.131"]]}}{"stream":"btcusdt@depth20","data":{"e":"depthUpdate","E":1636696247731,"T":1636696247681,"s":"BTCUSDT","U":927969933889,"u":927969942268,"pu":927969933665,"b":[["64750.67","5.807"],["64750.03","2.798"],["64750.02","0.006"],["64750.00","36.699"],["64748.51","0.004"],["64746.86","0.162"],["64745.34","0.054"],["64745.33","0.420"],["64744.94","0.077"],["64744.82","0.233"],["64744.19","0.001"],["64743.67","0.003"],["64743.60","0.001"],["64743.55","0.172"],["64742.99","0.001"],["64742.58","0.046"],["64742.57","0.521"],["64742.01","0.054"],["64742.00","0.190"],["64741.99","0.975"]],"a":[["64750.68","0.030"],["64750.73","0.001"],["64751.05","0.060"],["64751.77","0.155"],["64751.80","0.002"],["64754.94","0.002"],["64755.31","0.102"],["64755.33","1.234"],["64756.52","0.598"],["64756.54","0.077"],["64757.33","0.004"],["64757.53","0.001"],["64757.80","0.231"],["64758.44","0.131"],["64758.45","0.233"],["64758.52","0.616"],["64759.17","0.001"],["64760.31","0.089"],["64760.71","2.000"],["64760.87","0.232"]]}}{"stream":"btcusdt@depth20","data":{"e":"depthUpdate","E":1636696247981,"T":1636696247973,"s":"BTCUSDT","U":927969942402,"u":927969954650,"pu":927969942268,"b":[["64750.67","6.494"],["64750.03","3.103"],["64750.02","0.005"],["64750.00","36.706"],["64747.60","0.024"],["64746.86","0.162"],["64746.50","0.001"],["64746.19","0.078"],["64745.34","0.054"],["64745.33","0.420"],["64744.94","0.077"],["64744.82","0.233"],["64744.34","0.568"],["64744.32","0.080"],["64744.19","0.001"],["64743.67","0.003"],["64743.60","0.001"],["64743.55","0.182"],["64742.99","0.132"],["64742.58","0.177"]],"a":[["64750.68","0.006"],["64750.73","0.001"],["64751.80","0.002"],["64754.94","0.002"],["64755.14","0.155"],["64755.31","0.102"],["64755.32","0.500"],["64755.33","1.234"],["64756.52","0.598"],["64756.54","0.077"],["64757.80","0.100"],["64758.17","0.001"],["64758.45","0.132"],["64758.52","0.616"],["64759.17","0.233"],["64760.71","2.000"],["64760.87","0.232"],["64760.88","0.131"],["64760.89","0.131"],["64761.20","0.131"]]}}{"id": null, "error": {"code": 3, "msg": "Invalid json"}}{"stream":"btcusdt@depth20","data":{"e":"depthUpdate","E":1636696248241,"T":1636696248233,"s":"BTCUSDT","U":927969955035,"u":927969963950,"pu":927969954650,"b":[["64755.32","0.607"],["64755.13","0.139"],["64754.93","0.331"],["64754.92","0.454"],["64751.81","0.042"],["64751.80","0.084"],["64751.79","1.000"],["64751.02","0.030"],["64750.88","0.004"],["64750.72","1.000"],["64750.69","0.031"],["64750.68","3.962"],["64750.67","1.113"],["64750.40","0.001"],["64750.33","0.132"],["64750.27","0.210"],["64750.04","0.234"],["64750.03","1.472"],["64750.02","0.137"],["64750.00","36.706"]],"a":[["64755.33","1.093"],["64756.51","0.279"],["64756.52","0.598"],["64756.54","0.076"],["64757.80","0.100"],["64758.45","0.001"],["64758.46","0.060"],["64758.52","0.616"],["64759.17","0.001"],["64760.00","0.002"],["64760.70","1.625"],["64760.71","2.000"],["64761.25","0.010"],["64761.26","2.000"],["64762.28","0.131"],["64762.42","0.235"],["64762.90","0.749"],["64763.16","0.235"],["64763.29","0.126"],["64763.30","0.101"]]}}{"stream":"btcusdt@depth20","data":{"e":"depthUpdate","E":1636696248492,"T":1636696248482,"s":"BTCUSDT","U":927969964021,"u":927969972050,"pu":927969963950,"b":[["64755.32","0.613"],["64755.13","0.139"],["64754.93","0.331"],["64754.92","0.454"],["64753.43","0.190"],["64751.82","0.010"],["64751.81","0.042"],["64751.80","0.084"],["64751.79","1.000"],["64751.28","0.004"],["64750.73","0.001"],["64750.72","1.000"],["64750.68","0.500"],["64750.67","1.114"],["64750.33","0.132"],["64750.27","0.210"],["64750.05","0.054"],["64750.04","0.234"],["64750.03","1.472"],["64750.02","0.174"]],"a":[["64755.33","1.098"],["64755.74","0.234"],["64756.52","0.598"],["64756.54","0.076"],["64757.80","0.100"],["64758.46","0.060"],["64758.51","0.111"],["64758.52","0.616"],["64759.17","0.001"],["64760.00","0.002"],["64760.71","2.000"],["64761.25","0.010"],["64761.26","2.000"],["64762.28","0.131"],["64762.42","0.235"],["64762.90","0.749"],["64763.16","0.235"],["64763.29","0.126"],["64763.30","0.101"],["64763.56","0.069"]]}}{"stream":"btcusdt@depth20","data":{"e":"depthUpdate","E":1636696248752,"T":1636696248742,"s":"BTCUSDT","U":927969972407,"u":927969978996,"pu":927969972050,"b":[["64755.32","0.449"],["64755.13","0.139"],["64754.93","0.331"],["64754.92","0.454"],["64753.57","0.001"],["64752.65","0.015"],["64752.52","0.074"],["64751.81","0.042"],["64751.80","0.084"],["64751.79","1.000"],["64750.72","1.000"],["64750.68","0.500"],["64750.67","1.114"],["64750.28","0.004"],["64750.27","0.078"],["64750.12","0.001"],["64750.03","1.472"],["64750.02","0.174"],["64750.01","0.236"],["64750.00","36.706"]],"a":[["64755.33","1.365"],["64755.73","0.356"],["64755.74","0.234"],["64756.52","0.598"],["64756.54","0.076"],["64757.53","0.111"],["64757.54","0.468"],["64757.80","0.100"],["64758.46","0.060"],["64758.52","0.616"],["64760.00","0.002"],["64760.68","1.446"],["64760.69","0.119"],["64760.71","2.000"],["64761.25","0.010"],["64761.26","2.000"],["64762.42","0.133"],["64762.90","0.749"],["64763.16","0.235"],["64763.29","0.258"]]}}{"stream":"btcusdt@depth20","data":{"e":"depthUpdate","E":1636696249004,"T":1636696248984,"s":"BTCUSDT","U":927969979046,"u":927969984765,"pu":927969978996,"b":[["64755.32","0.425"],["64755.13","0.139"],["64754.93","0.331"],["64754.92","0.454"],["64753.57","0.001"],["64752.65","0.015"],["64752.52","0.074"],["64751.81","0.042"],["64751.80","0.084"],["64751.79","1.000"],["64750.72","1.000"],["64750.68","0.500"],["64750.67","1.114"],["64750.27","0.078"],["64750.12","0.005"],["64750.03","1.472"],["64750.02","0.174"],["64750.01","0.236"],["64750.00","36.706"],["64748.78","0.132"]],"a":[["64755.33","1.365"],["64755.73","0.356"],["64755.74","0.234"],["64756.52","0.598"],["64756.54","0.076"],["64757.53","0.111"],["64757.54","0.468"],["64757.80","0.100"],["64758.46","0.060"],["64758.52","0.616"],["64760.00","0.002"],["64760.66","0.060"],["64760.68","1.446"],["64760.69","0.059"],["64760.71","2.000"],["64761.25","0.010"],["64761.26","2.000"],["64762.42","0.133"],["64762.90","0.749"],["64763.16","0.235"]]}}{"stream":"btcusdt@depth20","data":{"e":"depthUpdate","E":1636696249276,"T":1636696249265,"s":"BTCUSDT","U":927969985643,"u":927969992466,"pu":927969984765,"b":[["64755.32","0.424"],["64755.13","0.139"],["64754.93","0.331"],["64754.92","0.454"],["64753.57","0.001"],["64751.28","0.004"],["64750.68","0.500"],["64750.67","0.114"],["64750.12","0.001"],["64750.05","0.011"],["64750.04","3.248"],["64750.03","1.487"],["64750.02","0.174"],["64750.01","0.236"],["64750.00","38.706"],["64749.18","0.132"],["64748.78","0.132"],["64747.82","0.001"],["64747.61","0.186"],["64747.60","0.234"]],"a":[["64755.33","1.499"],["64755.73","0.356"],["64755.74","0.234"],["64756.52","0.598"],["64756.54","0.076"],["64757.51","0.111"],["64757.52","1.555"],["64757.54","0.468"],["64757.80","0.100"],["64758.28","0.102"],["64758.29","3.083"],["64758.46","0.060"],["64758.52","0.616"],["64760.00","0.002"],["64760.23","0.193"],["64760.68","1.446"],["64760.69","0.191"],["64760.71","2.000"],["64761.25","0.243"],["64761.26","2.000"]]}}{"stream":"btcusdt@depth20","data":{"e":"depthUpdate","E":1636696249535,"T":1636696249522,"s":"BTCUSDT","U":927969992801,"u":927970000379,"pu":927969992466,"b":[["64755.32","0.302"],["64755.13","0.031"],["64754.93","0.281"],["64754.92","0.421"],["64753.57","0.001"],["64751.28","0.004"],["64750.68","0.511"],["64750.67","0.067"],["64750.12","0.001"],["64750.04","3.248"],["64750.03","1.487"],["64750.02","0.042"],["64750.01","0.002"],["64750.00","38.706"],["64749.18","0.132"],["64748.78","0.132"],["64747.82","0.234"],["64747.61","0.186"],["64747.60","0.234"],["64747.27","0.234"]],"a":[["64755.33","1.716"],["64755.73","0.356"],["64755.74","0.234"],["64756.51","0.111"],["64756.52","0.598"],["64756.54","0.076"],["64757.52","1.555"],["64757.54","0.468"],["64757.80","0.100"],["64758.28","0.102"],["64758.29","3.083"],["64758.46","0.060"],["64758.52","0.616"],["64759.70","0.002"],["64760.23","0.193"],["64760.33","0.078"],["64760.59","0.004"],["64760.68","1.446"],["64760.69","0.191"],["64760.71","2.000"]]}}{"stream":"btcusdt@depth20","data":{"e":"depthUpdate","E":1636696249799,"T":1636696249790,"s":"BTCUSDT","U":927970001243,"u":927970008807,"pu":927970000379,"b":[["64755.32","0.302"],["64755.13","0.031"],["64754.93","0.281"],["64754.92","0.421"],["64753.57","0.001"],["64751.28","0.004"],["64750.68","0.500"],["64750.67","0.067"],["64750.12","0.001"],["64750.04","3.248"],["64750.03","1.487"],["64750.02","0.042"],["64750.01","0.002"],["64750.00","38.706"],["64749.75","0.217"],["64748.78","0.132"],["64747.82","0.234"],["64747.61","0.186"],["64747.60","0.234"],["64747.27","0.234"]],"a":[["64755.33","1.979"],["64755.73","0.356"],["64755.74","0.234"],["64756.52","0.598"],["64756.54","0.076"],["64757.52","1.555"],["64757.54","0.468"],["64757.80","0.100"],["64758.28","0.102"],["64758.29","3.083"],["64758.46","0.060"],["64758.52","0.616"],["64759.70","0.002"],["64760.23","0.193"],["64760.33","0.210"],["64760.59","0.237"],["64760.68","1.446"],["64760.69","0.191"],["64760.71","2.000"],["64761.25","0.233"]]}}{"stream":"btcusdt@depth20","data":{"e":"depthUpdate","E":1636696250060,"T":1636696250048,"s":"BTCUSDT","U":927970009080,"u":927970016389,"pu":927970008807,"b":[["64755.32","0.301"],["64755.13","0.031"],["64754.93","0.281"],["64754.92","0.421"],["64753.57","0.001"],["64751.28","0.004"],["64750.67","0.067"],["64750.12","0.001"],["64750.04","3.248"],["64750.03","1.487"],["64750.02","0.042"],["64750.01","0.002"],["64750.00","38.706"],["64749.75","0.217"],["64748.78","0.132"],["64747.82","0.234"],["64747.61","0.186"],["64747.60","0.234"],["64747.27","0.234"],["64747.26","0.234"]],"a":[["64755.33","1.869"],["64755.72","0.111"],["64755.73","0.356"],["64755.74","0.234"],["64756.52","0.598"],["64756.54","0.076"],["64757.52","1.555"],["64757.54","0.468"],["64757.80","0.100"],["64758.27","0.060"],["64758.28","0.062"],["64758.29","3.083"],["64758.46","0.060"],["64758.52","0.616"],["64759.67","0.002"],["64760.23","0.193"],["64760.33","0.210"],["64760.59","0.136"],["64760.68","1.446"],["64760.69","0.191"]]}}{"stream":"btcusdt@depth20","data":{"e":"depthUpdate","E":1636696250322,"T":1636696250310,"s":"BTCUSDT","U":927970017169,"u":927970025465,"pu":927970016389,"b":[["64755.32","0.303"],["64755.13","0.031"],["64754.93","0.281"],["64754.92","0.421"],["64754.10","0.195"],["64753.57","0.001"],["64752.10","0.004"],["64751.80","0.001"],["64750.67","0.067"],["64750.12","0.001"],["64750.04","3.248"],["64750.03","1.487"],["64750.02","0.042"],["64750.01","0.002"],["64750.00","38.706"],["64749.75","0.217"],["64747.82","0.133"],["64747.61","0.186"],["64747.60","0.234"],["64747.27","0.234"]],"a":[["64755.33","1.769"],["64755.73","0.356"],["64755.74","0.234"],["64756.51","0.111"],["64756.52","0.598"],["64756.54","0.076"],["64757.52","1.555"],["64757.54","0.468"],["64757.80","0.100"],["64758.27","0.060"],["64758.28","0.042"],["64758.29","3.083"],["64758.46","0.060"],["64758.52","0.616"],["64759.67","0.002"],["64760.23","0.193"],["64760.33","0.132"],["64760.59","0.136"],["64760.68","1.446"],["64760.69","0.191"]]}}{"stream":"btcusdt@depth20","data":{"e":"depthUpdate","E":1636696250578,"T":1636696250558,"s":"BTCUSDT","U":927970025764,"u":927970033310,"pu":927970025465,"b":[["64755.32","0.302"],["64755.13","0.031"],["64754.93","0.281"],["64754.92","0.421"],["64753.57","0.001"],["64752.10","0.004"],["64751.80","0.001"],["64750.67","0.067"],["64750.12","0.001"],["64750.06","0.002"],["64750.05","0.013"],["64750.04","3.248"],["64750.03","1.487"],["64750.02","0.042"],["64750.01","0.002"],["64750.00","38.706"],["64749.75","0.217"],["64747.93","0.023"],["64747.82","0.133"],["64747.61","0.186"]],"a":[["64755.33","1.779"],["64755.72","0.111"],["64755.73","0.356"],["64755.74","0.234"],["64756.52","0.598"],["64756.54","0.076"],["64757.52","1.555"],["64757.54","0.468"],["64757.80","0.100"],["64758.27","0.060"],["64758.28","0.042"],["64758.29","3.083"],["64758.46","0.060"],["64758.52","0.616"],["64759.67","0.002"],["64760.23","0.193"],["64760.33","0.132"],["64760.59","0.136"],["64760.68","1.446"],["64760.69","0.191"]]}}{"stream":"btcusdt@depth20","data":{"e":"depthUpdate","E":1636696250828,"T":1636696250813,"s":"BTCUSDT","U":927970033592,"u":927970039850,"pu":927970033310,"b":[["64755.32","0.342"],["64755.13","0.001"],["64755.00","0.100"],["64754.93","0.281"],["64754.92","0.421"],["64753.57","0.001"],["64752.10","0.004"],["64751.80","0.001"],["64750.67","0.067"],["64750.12","0.001"],["64750.06","0.202"],["64750.05","0.002"],["64750.04","3.248"],["64750.03","1.487"],["64750.02","0.042"],["64750.01","0.133"],["64750.00","38.706"],["64749.75","0.217"],["64747.93","0.255"],["64747.82","0.133"]],"a":[["64755.33","1.779"],["64755.73","0.356"],["64755.74","0.234"],["64756.52","0.598"],["64756.54","0.076"],["64757.51","0.111"],["64757.52","1.555"],["64757.54","0.468"],["64758.27","0.060"],["64758.28","0.062"],["64758.29","3.083"],["64758.46","0.060"],["64758.52","0.616"],["64759.67","0.002"],["64760.23","0.193"],["64760.33","0.132"],["64760.59","0.136"],["64760.68","1.446"],["64760.69","0.191"],["64760.71","2.000"]]}}{"stream":"btcusdt@depth20","data":{"e":"depthUpdate","E":1636696251079,"T":1636696251033,"s":"BTCUSDT","U":927970040120,"u":927970045414,"pu":927970039850,"b":[["64755.32","0.343"],["64755.13","0.001"],["64755.00","0.100"],["64754.93","0.281"],["64754.92","0.421"],["64753.57","0.001"],["64752.10","0.004"],["64751.80","0.001"],["64750.67","0.067"],["64750.12","0.001"],["64750.06","0.202"],["64750.05","0.013"],["64750.04","3.248"],["64750.03","1.487"],["64750.02","0.042"],["64750.01","0.002"],["64750.00","38.706"],["64749.75","0.217"],["64747.93","0.232"],["64747.82","0.133"]],"a":[["64755.33","1.746"],["64755.74","0.234"],["64756.51","0.111"],["64756.52","0.598"],["64756.54","0.076"],["64757.54","0.468"],["64758.27","0.060"],["64758.28","0.042"],["64758.29","3.083"],["64758.46","0.060"],["64758.52","0.616"],["64759.67","0.002"],["64760.23","0.193"],["64760.33","0.132"],["64760.59","0.136"],["64760.69","0.191"],["64760.71","2.000"],["64760.74","0.001"],["64761.25","0.233"],["64761.26","2.000"]]}}{"stream":"btcusdt@depth20","data":{"e":"depthUpdate","E":1636696251339,"T":1636696251331,"s":"BTCUSDT","U":927970046601,"u":927970052971,"pu":927970045414,"b":[["64755.32","0.347"],["64755.13","0.001"],["64755.00","0.100"],["64754.93","0.281"],["64754.92","0.421"],["64753.57","0.001"],["64752.10","0.004"],["64751.80","0.001"],["64750.73","0.001"],["64750.67","0.067"],["64750.06","0.202"],["64750.05","0.013"],["64750.04","3.248"],["64750.03","1.487"],["64750.02","0.042"],["64750.01","0.002"],["64750.00","38.706"],["64749.75","0.217"],["64747.93","0.232"],["64747.82","0.133"]],"a":[["64755.33","1.480"],["64755.74","0.234"],["64756.50","0.111"],["64756.51","0.444"],["64756.52","0.598"],["64756.54","0.076"],["64757.54","0.468"],["64758.26","1.358"],["64758.27","0.060"],["64758.28","0.042"],["64758.29","3.083"],["64758.46","0.060"],["64758.52","0.616"],["64759.67","0.002"],["64760.22","1.697"],["64760.23","0.193"],["64760.33","0.132"],["64760.59","0.132"],["64760.69","0.132"],["64760.71","2.000"]]}}